<record xmlns:xsi="http://www.w3.org/2001/XMLSchema-instance" xmlns="http://www.loc.gov/MARC21/slim" xsi:schemaLocation="http://www.loc.gov/MARC21/slim http://www.loc.gov/standards/marcxml/schema/MARC21slim.xsd">

  <leader>01730nab a2200181   4500</leader>
  <controlfield tag="005">20160831160905.0</controlfield>
  <controlfield tag="008">160112b           f|||| |||| 00| 0 spa d</controlfield>
  <datafield ind2=" " ind1=" " tag="090">
    <subfield code="a">REVIS 06.02.01</subfield>
  </datafield>
  <datafield ind1="1" ind2=" " tag="100">
    <subfield code="9">1283</subfield>
    <subfield code="a">Arroyo Venegas, Isabel Cristina</subfield>
  </datafield>
  <datafield ind2="0" ind1="1" tag="245">
    <subfield code="a">Importancia del vínculo externo remunerado en la gestión de las universidades públicas /</subfield>
    <subfield code="c">Isabel Cristina Arroyo Venegas, Liana Penabad Camacho</subfield>
  </datafield>
  <datafield tag="260" ind1=" " ind2=" ">
    <subfield code="a">San José, Costa Rica : </subfield>
    <subfield code="b">Editorial Universidad de Costa Rica,</subfield>
    <subfield code="c">2008</subfield>
  </datafield>
  <datafield ind1=" " ind2=" " tag="300">
    <subfield code="a">páginas 29-38</subfield>
  </datafield>
  <datafield ind2=" " ind1=" " tag="520">
    <subfield code="a">En el contexto del siglo XXI, en lo que se refiere al quehacer de las universidades - tanto públicas como privadas- se enfatiza el vínculo Universidad- Sociedad, a través de nuevos enfoques de gestión universitaria que permiten atender las necesidades específicas que plantean los distintos sectores de la sociedad. En términos generales, las actividades de vínculos externo -remunerado y no remunerado- constituyen ademas una de una responsabilidad de todas las universidades y en especial las de naturaleza pública, una estrategia efectiva para fortalecer su financiamiento y consecuentemente la gestión universitaria. El impacto financiero y social del vínculo externo remunerado de las universidades públicas queda evidenciado en el análisis a nivel de ingresos, aportes e inversiones que genera esta actividad dentro del marco de operación , que desde los distintos ámbitos desarrollan estas instituciones de educación superior</subfield>
  </datafield>
  <datafield tag="650" ind2="0" ind1=" ">
    <subfield code="9">1</subfield>
    <subfield code="a">EDUCACIÓN</subfield>
  </datafield>
  <datafield tag="700" ind1="1" ind2=" ">
    <subfield code="9">1284</subfield>
    <subfield code="a">Penabad Camacho, Liana</subfield>
  </datafield>
  <datafield tag="773" ind2=" " ind1="0">
    <subfield code="d">San José, Costa Rica : Editorial de la Universidad de Costa Rica, 1997-</subfield>
    <subfield code="o">R0310</subfield>
    <subfield code="t">EDUCACIÓN: Revista de la Universidad de Costa Rica</subfield>
    <subfield code="g">Vol.32, no.2 (2008)</subfield>
  </datafield>
  <datafield tag="942" ind1=" " ind2=" ">
    <subfield code="2">z</subfield>
    <subfield code="c">10</subfield>
  </datafield>
  <datafield ind2=" " ind1=" " tag="999">
    <subfield code="c">3011</subfield>
    <subfield code="d">3011</subfield>
  </datafield>
</record>